% 
% Bib files are VERY PICKY about syntax, more so than python
% Don't mix your Ps and Qs or commas and brackets.
% 
% Check your line endings end in a comma,
%
% Always separate AUTHORs by "and"
% AUTHOR1 and AUTHOR2 and AUTHOR3 and AUTHOR4 and ..... and AUTHORX
% where AUTHORX is   Lastname, Firstname   or   Firstname Lastname
% Put ALL the authors, not et al. 
%
% When you get arbitrary downloads ALWAYS check the copyright, and ask or inform
% the institution/author if this is required. Citing is not enough, some
% material may not be used. 
%
% For web published items, because they can change, put YEAR = "Accessed in April 2012",
% and if the item has a publish date, put that in the HOWPUBLISHED field after
% the institutions's name, (then publish date, then \url{}).
% Always find the original URL, not some Google Docs upload where you saved it
%
% Never put %comments in the middle of a bibtex file; they cause problems
% too often.
%
% Remove the .bbl, .blg, .aux, ,.out files if your bibtex gets stuck 
% on errors (some non-ascii characters can cause this) and rerun in
% a terminal if texmaker does not tell you what the problem is.
%

@article{cornwell1988radio,
  title={Radio-interferometric imaging of very large objects},
  author={Cornwell, TJ},
  journal={Astronomy and Astrophysics},
  volume={202},
  pages={316--321},
  year={1988}
}

@article{stanimirovic2002short,
  title={Short-Spacings Correction from the Single-Dish Perspective},
  author={Stanimirovic, Snezana},
  journal={arXiv preprint astro-ph/0205329},
  year={2002}
}

@article{aniyan2017classifying,
  title={Classifying Radio Galaxies with the Convolutional Neural Network},
  author={Aniyan, AK and Thorat, Kshitij},
  journal={The Astrophysical Journal Supplement Series},
  volume={230},
  number={2},
  pages={20},
  year={2017},
  publisher={IOP Publishing}
}

@book{aitkin2009statistical,
  title={Statistical modelling in R},
  author={Aitkin, Murray and Francis, Brian and Hinde, John and Darnell, Ross},
  year={2009},
  publisher={Oxford University Press}
}

@book{thompson2017interferometry,
  title={Interferometry and synthesis in radio astronomy},
  author={Thompson, Anthony Richard and Moran, James M and Swenson, George Warner and others},
  year={2017},
  publisher={Springer}
}
@article{levy2010introduction,
  title={Introduction to numerical analysis},
  author={Levy, Doron},
  journal={Department of Mathematics and Center for Scientific Computation and Mathematical Modeling (CSCAMM) University of Maryland},
  pages={2--2},
  year={2010}
}

@book{witten2016data,
  title={Data Mining: Practical machine learning tools and techniques},
  author={Witten, Ian H and Frank, Eibe and Hall, Mark A and Pal, Christopher J},
  year={2016},
  publisher={Morgan Kaufmann}
}

@article{molenaar2017kern,
  title={KERN},
  author={Molenaar, Gijs and Smirnov, Oleg},
  journal={arXiv preprint arXiv:1710.09145},
  year={2017}
}

@MISC{Jansky0,
  Key = {Society of Amateur Radio Astronomers},
  TITLE = {Introduction to Radio Astronomy},
  HOWPUBLISHED = {\url{http://www.radio-astronomy.org/pdf/sara-beginner-booklet.pdf}},
  EDITOR = {},
  YEAR = {Accessed June 2017}
}

@MISC{Machinelearning,
  Key = {Machine learning},
  TITLE = {What is machine learning?},
  HOWPUBLISHED = {\url{https://www.mathworks.com/discovery/machine-learning.html}},
  EDITOR = {},
  YEAR = {Accessed May 2018}
}

@MISC{skatelescope,
  Key = {kat-7 telescope},
  TITLE = {The ska telescope},
  HOWPUBLISHED = {\url{https://www.skatelescope.org/}},
  EDITOR = {},
  YEAR = {Accessed May 2017}
}

@MISC{K-NNALGORITHM,
  Key = {K-NN ALGORITHM},
  TITLE = {KNN CLASSIFIER, INTRODUCTION TO K-NEAREST NEIGHBOR ALGORITHM},
  HOWPUBLISHED = {http://dataaspirant.com/2016/12/23/k-nearest-neighbor-classifier-intro/}},
  EDITOR = {},
  YEAR = {Accessed May 2018}
}

@book{rossant2018ipython,
  title={IPython Interactive Computing and Visualization Cookbook: Over 100 hands-on recipes to sharpen your skills in high-performance numerical computing and data science in the Jupyter Notebook},
  author={Rossant, Cyrille},
  year={2018},
  publisher={Packt Publishing Ltd}
}

@MISC{ElectromagneticSpectrum,
  Key = {The Electromagnetic Spectrum},
  TITLE = {The Electromagnetic Spectrum},
  HOWPUBLISHED = {\url{https://chem.libretexts.org/Textbook_Maps/Introductory_Chemistry/Map%3A_Introductory_Chemistry_(Tro)/09%3A_Electrons_in_Atoms_and_the_Periodic_Table/9.3%3A_The_Electromagnetic_Spectrum}},
  EDITOR = {},
  YEAR = {Accessed May 2017}
}


@MISC{RayNorris,
  Key = {Big data in radio astronomy},
  TITLE = {Expect the unexpected from the big-data boom in radio astronomy},
  HOWPUBLISHED = {\url{https://theconversation.com/expect-the-unexpected-from-the-big-data-boom-in-radio-astronomy-84059}},
  EDITOR = {},
  YEAR = {Accessed March 2018}
}

@article{zhang2015astronomy,
  title={Astronomy in the big data era},
  author={Zhang, Yanxia and Zhao, Yongheng},
  journal={Data Science Journal},
  volume={14},
  year={2015},
  publisher={Ubiquity Press}
}

@book{michalski2013machine,
  title={Machine learning: An artificial intelligence approach},
  author={Michalski, Ryszard S and Carbonell, Jaime G and Mitchell, Tom M},
  year={2013},
  publisher={Springer Science \& Business Media}
}

@MISC{Jansky1,
  Key = {MIT Haystack Observatory},
  TITLE = {Brief Introduction to Radio Astronomy},
  HOWPUBLISHED = { \url{http://www.haystack.mit.edu/edu/pcr/RFI/RFI_page10-19.pdf}},
  EDITOR = {},
  YEAR = {Accessed June 2017}
}


@MISC{NRAO,
  Key = {InteferometersI},
  TITLE = {Inteferometers I},
  HOWPUBLISHED = { \url{https://www.cv.nrao.edu/course/astr534/Interferometers1.html}},
  EDITOR = {},
  YEAR = {Accessed MArch 2018}
}



@article{wright2004single,
  title={Single-dish Radio Astronomy},
  author={Wright, Andrew},
  year={2004}
}

@book{zensus1995very,
  title={Very long baseline interferometry and the VLBA},
  author={Zensus, J Anton and Diamond, PJ and Napier, PJ and others},
  volume={82},
  year={1995},
  publisher={San Francisco: Astronomical Society of the Pacific}
}


@article{thompson2001interferometry,
  title={Interferometry and synthesis in radio astronomy},
  author={Thompson, Anthony Richard and Moran, James M and Swenson, George Warner},
  year={2001},
  publisher={Springer}
}

@inproceedings{taylor1999synthesis,
  title={Synthesis imaging in radio astronomy II},
  author={Taylor, Greg B and Carilli, Chris Luke and Perley, Richard A},
  booktitle={Synthesis Imaging in Radio Astronomy II},
  volume={180},
  year={1999}
}


@MISC{WikBlackScholes,
        KEY = {Wikipedia},
        TITLE = {Black Scholes},
        HOWPUBLISHED = {Wikipedia, the Free Encyclopedia, \url{http://en.wikipedia.org/wiki/Black%E2%80%93Scholes}},
        YEAR = {Accessed April 2012}
}


@book{shalev2014understanding,
  title={Understanding machine learning: From theory to algorithms},
  author={Shalev-Shwartz, Shai and Ben-David, Shai},
  year={2014},
  publisher={Cambridge university press}
}

@inproceedings{aberdeen2010learning,
  title={The learning behind gmail priority inbox},
  author={Aberdeen, Douglas and Pacovsky, Ondrej and Slater, Andrew},
  booktitle={LCCC: NIPS 2010 Workshop on Learning on Cores, Clusters and Clouds},
  year={2010}
}

@MISC{Techemergence,
        KEY = {Techemergence},
        TITLE = {Black Scholes},
        HOWPUBLISHED = {techemergence,everyday-examples-of-ai, \url{https://www.techemergence.com/everyday-examples-of-ai/}},
        YEAR = {Accessed January 2018}
}


@article{nilsson1996introduction,
  title={Introduction to machine learning. An early draft of a proposed textbook},
  author={Nilsson, Nils J},
  year={1996},
  publisher={Citeseer}
}


@book{flach2012machine,
  title={Machine learning: the art and science of algorithms that make sense of data},
  author={Flach, Peter},
  year={2012},
  publisher={Cambridge University Press}
}


@article{blum1997selection,
  title={Selection of relevant features and examples in machine learning},
  author={Blum, Avrim L and Langley, Pat},
  journal={Artificial intelligence},
  volume={97},
  number={1},
  pages={245--271},
  year={1997},
  publisher={Elsevier}
}


@article{smithdynamic,
  title={DYNAMIC WIND EFFECTS ON LARGE TELESCOPES},
  author={Smith, David R},
  publisher={Citeseer}
}


@article{upnere2012characterization,
  title={Characterization of Wind Loading of the Large Radio Telescope},
  author={Upnere, Sabine and Jekabsons, Normunds and Joffe, Roberts},
  year={2012}
}

@book{wilson2013tools,
  title={Tools of radio astronomy},
  author={Wilson, Thomas L and Rohlfs, Kristen and H{\"u}ttemeister, Susanne},
  year={2013},
  publisher={Springer Science \& Business Media}
}


@article{foley2016engineering,
  title={Engineering and science highlights of the KAT-7 radio telescope},
  author={Foley, AR and Alberts, T and Armstrong, RP and Barta, A and Bauermeister, EF and Bester, H and Blose, S and Booth, RS and Botha, DH and Buchner, SJ and others},
  journal={Monthly Notices of the Royal Astronomical Society},
  volume={460},
  number={2},
  pages={1664--1679},
  year={2016},
  publisher={Oxford University Press}
}


@article{carignan2013kat,
  title={KAT-7 science verification: using HI observations of NGC 3109 to understand its kinematics and mass distribution},
  author={Carignan, C and Frank, BS and Hess, KM and Lucero, DM and Randriamampandry, TH and Goedhart, S and Passmoor, SS},
  journal={The Astronomical Journal},
  volume={146},
  number={3},
  pages={48},
  year={2013},
  publisher={IOP Publishing}
}


@article{slabber2015overview,
  title={Overview of the monitoring data archive used on MeerKAT},
  author={Slabber, Martin},
  year={2015}
}



@article{slabberICALEPCS2017,
  title={SCALABLE TIME SERIES DOCUMENTS STORE ICALEPCS2017},
  author={Slabber, Martin},
  year={2017}
}

@article{slabber2015illustrate,
  title={Illustrate the Flow of Monitoring Data through the MeerKAT Telescope Control Software},
  author={Slabber, Martin and Ockards, Muhammed Toufeeq},
  year={2015}
}


@article{ott2013casa,
  title={CASA Synthesis \& Single Dish Reduction Reference Manual \& Cookbook},
  author={Ott, J and Kern, J},
  journal={Version May},
  volume={29},
  year={2013}
}

@MISC{CosmoAIMS,
  Key = {KAT-7 casacook},
  TITLE = {INTRODUCTION TO CASA:
A KAT-7 DATA REDUCTION GUIDE},
  HOWPUBLISHED = {CosmoAIMS, \url{https://www.slideshare.net/CosmoAIMS/casa-cookbook-for-kat-7}},
  EDITOR = {N. OOZEER, M. BIETENHOLZ & S. GOEDHART},
  YEAR = {Accessed  2016}
  
}  


@article{borchani2015survey,
  title={A survey on multi-output regression},
  author={Borchani, Hanen and Varando, Gherardo and Bielza, Concha and Larra{\~n}aga, Pedro},
  journal={Wiley Interdisciplinary Reviews: Data Mining and Knowledge Discovery},
  volume={5},
  number={5},
  pages={216--233},
  year={2015},
  publisher={Wiley Online Library}
}

@MISC{Variance,
        KEY = {Wikipedia},
        TITLE = {Variance},
        HOWPUBLISHED = {Wikipedia, the Free Encyclopedia, \url{https://en.wikipedia.org/wiki/Variance}},
        YEAR = {Accessed February 2018}
}


@book{james2013introduction,
  title={An introduction to statistical learning},
  author={James, Gareth and Witten, Daniela and Hastie, Trevor and Tibshirani, Robert},
  volume={112},
  year={2013},
  publisher={Springer}
}




@MISC{DT,
        KEY = {Cristina Petri,
Cluj Napoca, 2010},
        TITLE = {Decision trees},
        HOWPUBLISHED = { Babes Bolyai University, \url{http://www.cs.ubbcluj.ro/~gabis/DocDiplome/DT/DecisionTrees.pdf}},
        YEAR = {Accessed February 2018}
}

@MISC{Calibration,
        KEY = {Dale E. Gary,
NJIT},
        TITLE = {Radio Astronomy},
        HOWPUBLISHED = { NJIT, \url{https://web.njit.edu/~gary/728/Lecture9.html}},
        YEAR = {Accessed March 2018}
}


@article{morgan2014classification,
  title={Classification and regression tree analysis},
  author={Morgan, Jake},
  journal={Report No1. Boston University School of Public Health},
  year={2014}
}

@inproceedings{musicant2007supervised,
  title={Supervised learning by training on aggregate outputs},
  author={Musicant, David R and Christensen, Janara M and Olson, Jamie F},
  booktitle={Data Mining, 2007. ICDM 2007. Seventh IEEE International Conference on},
  pages={252--261},
  year={2007},
  organization={IEEE}
}

@article{moisen2008classification,
  title={Classification and regression trees},
  author={Moisen, GG},
  year={2008},
  publisher={Elsevier}
}

@phdthesis{kassaye2015study,
  title={A study of potential calibrators using the KAT-7 radio telescope},
  author={Kassaye, Ermias Abebe},
  year={2015},
  school={University of Cape Town}
}


@article{thevenaz2000image,
  title={Image interpolation and resampling},
  author={Th{\'e}venaz, Philippe and Blu, Thierry and Unser, Michael},
  journal={Handbook of medical imaging, processing and analysis},
  volume={1},
  number={1},
  pages={393--420},
  year={2000},
  publisher={Citeseer}
  
}


@article{patro2015normalization,
  title={Normalization: A preprocessing stage},
  author={Patro, S and Sahu, Kishore Kumar},
  journal={arXiv preprint arXiv:1503.06462},
  year={2015}
}


@article{bott2014feature,
  title={About Feature Scaling and Normalizationand the effect of standardization for machine learning algorithms},
  author={Bott, R},
  journal={Igarss 2014},
  year={2014}
}


@article{buitinck2013api,
  title={API design for machine learning software: experiences from the scikit-learn project},
  author={Buitinck, Lars and Louppe, Gilles and Blondel, Mathieu and Pedregosa, Fabian and Mueller, Andreas and Grisel, Olivier and Niculae, Vlad and Prettenhofer, Peter and Gramfort, Alexandre and Grobler, Jaques and others},
  journal={arXiv preprint arXiv:1309.0238},
  year={2013}
}


@article{pedregosa2011scikit,
  title={Scikit-learn: Machine learning in Python},
  author={Pedregosa, Fabian and Varoquaux, Ga{\"e}l and Gramfort, Alexandre and Michel, Vincent and Thirion, Bertrand and Grisel, Olivier and Blondel, Mathieu and Prettenhofer, Peter and Weiss, Ron and Dubourg, Vincent and others},
  journal={Journal of machine learning research},
  volume={12},
  number={Oct},
  pages={2825--2830},
  year={2011}
}

@inproceedings{kazemitabar2017variable,
  title={Variable Importance using Decision Trees},
  author={Kazemitabar, Jalil and Amini, Arash and Bloniarz, Adam and Talwalkar, Ameet S},
  booktitle={Advances in Neural Information Processing Systems},
  pages={425--434},
  year={2017}
}


@inproceedings{ho1995random,
  title={Random decision forests},
  author={Ho, Tin Kam},
  booktitle={Document analysis and recognition, 1995., proceedings of the third international conference on},
  volume={1},
  pages={278--282},
  year={1995},
  organization={IEEE}
}

@book{zhou2012ensemble,
  title={Ensemble methods: foundations and algorithms},
  author={Zhou, Zhi-Hua},
  year={2012},
  publisher={CRC press}
}


@article{breiman2001random,
  title={Random forests},
  author={Breiman, Leo},
  journal={Machine learning},
  volume={45},
  number={1},
  pages={5--32},
  year={2001},
  publisher={Springer}
}


@article{cunningham2007k,
  title={k-Nearest neighbour classifiers},
  author={Cunningham, Padraig and Delany, Sarah Jane},
  journal={Multiple Classifier Systems},
  volume={34},
  pages={1--17},
  year={2007},
  publisher={Springer}
}


@article{hyvonen2015fast,
  title={Fast k-nn search},
  author={Hyv{\"o}nen, Ville and Pitk{\"a}nen, Teemu and Tasoulis, Sotiris and J{\"a}{\"a}saari, Elias and Tuomainen, Risto and Wang, Liang and Corander, Jukka and Roos, Teemu},
  journal={arXiv preprint arXiv:1509.06957},
  year={2015}
}


@article{geurts2006extremely,
  title={Extremely randomized trees},
  author={Geurts, Pierre and Ernst, Damien and Wehenkel, Louis},
  journal={Machine learning},
  volume={63},
  number={1},
  pages={3--42},
  year={2006},
  publisher={Springer}
}

@article{hall2008square,
  title={The square kilometer array (SKA) radio telescope: Progress and technical directions},
  author={Hall, Peter and Schillizzi, R and Dewdney, P and Lazio, J},
  journal={International Union of Radio Science URSI},
  volume={236},
  pages={4--19},
  year={2008},
  publisher={URSI: International Union of Radio Science}
}


@phdthesis{staats2016genetic,
  title={Genetic programming applied to RFI mitigation in radio astronomy},
  author={Staats, Kai},
  year={2016},
  school={University of Cape Town}
}

@article{provost2013data,
  title={Data science and its relationship to big data and data-driven decision making},
  author={Provost, Foster and Fawcett, Tom},
  journal={Big data},
  volume={1},
  number={1},
  pages={51--59},
  year={2013},
  publisher={Mary Ann Liebert, Inc. 140 Huguenot Street, 3rd Floor New Rochelle, NY 10801 USA}
}

@book{friedman2001elements,
  title={The elements of statistical learning},
  author={Friedman, Jerome and Hastie, Trevor and Tibshirani, Robert},
  volume={1},
  year={2001},
  publisher={Springer series in statistics New York}
}



@article{brownlee2013prepare,
  title={How to Prepare Data for Machine Learning},
  author={Brownlee, Jason},
  journal={Machine Learning Mastery},
  volume={25},
  year={2013}
}

@article{stephen2009machine,
  title={Machine Learning: an algorithmic perspective},
  author={Stephen, Marsland},
  journal={USA: Chapman \&Hall/CRC},
  year={2009}
}

@article{fortmann2012understanding,
  title={Understanding the bias-variance tradeoff},
  author={Fortmann-Roe, Scott},
  year={2012}
}


@article{abebe2015study,
  title={A Study Of Potential Calibrators Using The KAT-7 Radio Telescope},
  author={Abebe, Ermias},
  year={2015}
}

@article{grobler2016calibration,
  title={Calibration artefacts in radio interferometry--III. Phase-only calibration and primary beam correction},
  author={Grobler, TL and Stewart, AJ and Wijnholds, SJ and Kenyon, JS and Smirnov, OM},
  journal={Monthly Notices of the Royal Astronomical Society},
  volume={461},
  number={3},
  pages={2975--2992},
  year={2016},
  publisher={Oxford University Press}
}

@inproceedings{mcmullin2007casa,
  title={CASA architecture and applications},
  author={McMullin, JP and Waters, B and Schiebel, D and Young, W and Golap, K},
  booktitle={Astronomical data analysis software and systems XVI},
  volume={376},
  pages={127},
  year={2007}
}

@article{editioncasa,
  title={CASA User Reference \& Cookbook},
  author={CASA cookbook, Public Release}
}


@article{wieringa1992investigation,
  title={An investigation of the telescope based calibration methods ‘redundancy’and ‘self-cal’},
  author={Wieringa, Mark H},
  journal={Experimental Astronomy},
  volume={2},
  number={4},
  pages={203--225},
  year={1992},
  publisher={Springer}
}

@inproceedings{pandey2009calibrating,
  title={Calibrating LOFAR using the black board selfcal system},
  author={Pandey, VN and van Zwieten, JE and de Bruyn, AG and Nijboer, R},
  booktitle={The Low-Frequency Radio Universe},
  volume={407},
  pages={384},
  year={2009}
}

@article{ball2010data,
  title={Data mining and machine learning in astronomy},
  author={Ball, Nicholas M and Brunner, Robert J},
  journal={International Journal of Modern Physics D},
  volume={19},
  number={07},
  pages={1049--1106},
  year={2010},
  publisher={World Scientific}
}

@book{alpaydin2014introduction,
  title={Introduction to machine learning},
  author={Alpaydin, Ethem},
  year={2014},
  publisher={MIT press}
}

@book{marsland2015machine,
  title={Machine learning: an algorithmic perspective},
  author={Marsland, Stephen},
  year={2015},
  publisher={CRC press}
}

@article{bellinger2016fundamental,
  title={Fundamental Parameters of Main-Sequence Stars in an Instant with Machine Learning},
  author={Bellinger, Earl P and Angelou, George C and Hekker, Saskia and Basu, Sarbani and Ball, Warrick H and Guggenberger, Elisabeth},
  journal={The Astrophysical Journal},
  volume={830},
  number={1},
  pages={31},
  year={2016},
  publisher={IOP Publishing}
}

@article{bhatnagar2008correcting,
  title={Correcting direction-dependent gains in the deconvolution of radio interferometric images},
  author={Bhatnagar, S and Cornwell, TJ and Golap, K and Uson, Juan M},
  journal={Astronomy \& Astrophysics},
  volume={487},
  number={1},
  pages={419--429},
  year={2008},
  publisher={EDP Sciences}
}

@book{verschuur2015invisible,
  title={The invisible universe: the story of radio astronomy},
  author={Verschuur, Gerrit},
  year={2015},
  publisher={Springer}
}

@incollection{cassidy2002wave,
  title={Wave motion},
  author={Cassidy, David and Holton, Gerald and Rutherford, James},
  booktitle={Understanding Physics},
  pages={331--403},
  year={2002},
  publisher={Springer}
}

